2952 4890
375 226 415 280 IN
433 226 469 280 M.
489 223 686 282 ANTONIUM
707 225 764 282 ΟΒ.
783 225 878 282 PHlL.
898 227 934 295 ll,
954 230 1067 283 68-73.
1266 227 1283 290 7
1288 226 1306 288 'I

135 390 319 474 sorbueras3
346 389 455 455 fueras
482 390 517 455 in
546 389 614 454 acie
641 387 830 456 Pharsalica
858 389 1105 475 antesignanuu
1138 389 1174 454 L.
1196 389 1307 456 Domi-

134 480 230 564 tium,
258 478 472 544 clarissimum
499 481 532 542 et
558 477 798 544 nobilissimum
821 478 939 563 virum,
968 478 1145 562 occideras,
1172 480 1306 544 multos-

134 591 195 654 que
218 572 398 653 praeterea,
426 567 482 652 qui
505 589 523 632 e
545 567 668 650 proelio
692 567 887 652 effugerant,
909 590 990 653 quos
1014 567 1146 652 Caesar,
1169 572 1205 632 ut
1227 590 1306 634 non-

131 658 256 741 nullos,
283 656 421 722 fortasse
449 660 623 740 servasset,
653 655 871 722 crudelissime
898 660 1084 741 persecutus
1111 657 1305 723 trucidatas:

108 746 251 832 aquibus
283 745 378 812 rebus
410 745 512 811 tantis
544 743 668 811 talibus
700 745 802 832 gestis
834 745 911 830 quid
942 746 1005 811 fuit
1037 767 1152 814 causae
1185 768 1241 811 cur
1272 747 1306 812 in

135 835 279 900 Africam
303 832 475 900 (laesuram
502 856 568 900 non
596 855 776 919 sequerere,
804 856 877 899 oum
903 835 1095 919 praesertim
1123 835 1201 900 belli
1228 857 1305 919 pars

134 928 226 990 tanta
248 922 409 989 restaret?
432 923 542 1007 itaque
565 944 659 1007 quem
682 924 790 988 locum
810 924 895 1008 apud
913 923 1021 1008 ipsum
1040 921 1211 990 Caesarem
1230 928 1306 1008 post

134 1014 203 1078 eius
222 1035 261 1078 ex
279 1011 390 1078 Africa
408 1011 546 1077 reditum
565 1011 760 1078 obtinuisti?
788 1034 852 1096 quo
870 1035 1005 1078 numero
1024 1012 1138 1078 fuisti?
1160 1012 1250 1078 ouius
1269 1015 1306 1078 tu

135 1102 340 1186 imperatoris
364 1104 517 1186 quaestor
538 1100 656 1185 fueras,
679 1100 848 1166 dictatoris
872 1101 1028 1186 magister
1052 1102 1205 1187 equitum,
1228 1101 1306 1167 belli

95 1212 121 1251 ιο
134 1192 298 1276 princeps,
326 1188 529 1256 crudelitatis
557 1193 682 1273 auctor,
713 1188 851 1273 praedae
880 1191 999 1270 socius,
1031 1194 1227 1256 testamento
1233 1241 1241 1273 ,
1269 1195 1306 1255 ut
1353 1209 1356 1216 ·

135 1279 264 1346 dicebas
288 1279 367 1364 ipse,
388 1278 483 1363 filius,
507 1279 689 1362 appellatus
714 1301 748 1343 es
771 1278 811 1344 de
833 1279 979 1363 pecunia,
1001 1300 1099 1364 quam
1122 1302 1181 1364 pro
1200 1280 1305 1363 domo,

133 1391 193 1453 pro
216 1368 330 1452 hortis,
352 1389 411 1451 pro
436 1368 578 1433 sectione
602 1367 751 1433 debebas.
796 1368 901 1453 primo
924 1368 1120 1452 respondisti
1142 1369 1239 1452 plane
1262 1369 1305 1434 fo
1316 1381 1348 1430 72

132 1457 261 1540 rociter,
285 1459 329 1540 et,
352 1479 392 1522 ne
416 1457 525 1522 omnia
548 1456 660 1521 videar
682 1460 795 1522 contra
817 1460 863 1541 te,
890 1456 1123 1543 propemodum
1147 1479 1250 1543 aequa
1273 1462 1306 1522 et

132 1547 218 1612 iusta
246 1545 388 1611 dicebas:
421 1544 453 1610 ‘a
481 1567 532 1610 me
560 1543 594 1612 O.
618 1543 739 1611 Caesar
765 1545 957 1630 pecuniam?
987 1568 1043 1612 cur
1069 1545 1179 1630 potius
1207 1568 1306 1631 quam

97 1652 122 1693 15
136 1657 197 1720 ego
221 1635 261 1700 ab
284 1633 364 1699 illo?
388 1657 431 1700 an
454 1634 523 1700 sine
546 1657 598 1700 me
621 1634 677 1700 ille
700 1635 799 1700 vicit?
828 1638 862 1700 at
884 1657 925 1700 ne
949 1635 1057 1719 potuit
1079 1634 1220 1719 quidem:
1244 1657 1304 1720 ego

133 1724 174 1790 ad
196 1723 288 1789 illum
311 1722 391 1789 belli
414 1722 518 1789 civilis
541 1745 672 1788 causam
696 1724 807 1809 attuli3
838 1744 898 1810 ego
921 1725 1010 1808 leges
1034 1724 1231 1808 perniciosas
1253 1746 1305 1789 ro·

133 1813 218 1899 gavi,
242 1833 301 1898 ego
322 1834 412 1877 arma
432 1815 545 1878 contra
564 1813 713 1878 consules
731 1813 1009 1898 imperatoresque
1026 1814 1140 1897 populi
1158 1811 1306 1897 Romani,

133 1904 246 1967 contra
278 1905 426 1967 senatum
458 1901 676 1987 populumque
703 1901 901 1987 Romanum,
933 1905 1045 1968 contra
1074 1902 1152 1968 deos
1179 1902 1305 1987 patrios

133 2012 269 2075 arasque
297 1993 330 2055 et
357 1989 461 2074 focos,
489 1993 601 2056 contra
628 1991 769 2074 patriam
795 1991 866 2057 tuli.
911 2013 989 2057 num
1022 1991 1085 2056 sibi
1116 1991 1177 2057 soli
1205 1990 1305 2056 vicit?

92 2097 119 2138 ao
133 2101 269 2165 quorum
292 2079 418 2144 facinus
442 2082 492 2144 est
515 2101 691 2163 commune,
714 2101 770 2145 our
792 2102 858 2145 non
881 2080 925 2145 sit
948 2102 1058 2147 eorum
1081 2079 1202 2164 praeda
1220 2102 1304 2145 oom-

132 2165 274 2234 munis?'
302 2168 352 2234 ius
379 2167 583 2252 postulabas,
612 2166 668 2232 sed
696 2168 774 2253 quid
802 2169 842 2233 ad
870 2169 961 2234 rem?
988 2169 1061 2254 plus
1088 2169 1143 2233 ille
1166 2172 1304 2253 poterat.

132 2257 242 2341 itaque
262 2257 405 2323 excussis
423 2257 489 2322 tuis
509 2257 641 2323 vocibus
661 2260 694 2322 et
712 2257 753 2321 ad
770 2260 803 2322 te
823 2260 856 2323 et
875 2258 915 2323 ad
933 2257 1068 2341 praedes
1087 2261 1162 2323 tuos
1181 2257 1348 2323 militesve

132 2346 230 2430 misit,
254 2367 326 2411 cum
349 2349 481 2430 repente
505 2368 524 2410 a
547 2348 579 2410 te
602 2346 770 2430 praeclare.
792 2346 849 2411 illa
871 2347 984 2412 tabula
1002 2348 1133 2431 prolata
1151 2349 1209 2412 est.
1250 2347 1304 2430 qui

132 2557 318 2697 ,lamguw
342 2558 371 2610 te
389 2557 419 2612 iu
438 2556 506 2611 urbe
524 2556 694 2612 retinebant.
747 2557 922 2641 auegclallen
944 2557 979 2612 ab
1002 2572 1045 2624 co,
1070 2557 1123 2612 mit
1144 2557 1239 2627 Beaug
1257 2557 1308 2612 auf

175 2643 228 2681 anu
747 2645 834 2684 curua
1039 2639 1043 2648 '

88 2704 123 2753 71
173 2706 185 2752 1
216 2699 426 2767 autesipaooos:
451 2697 589 2753 Autonius
617 2714 694 2758 com·
785 2706 817 2755 lo
832 2716 945 2754 coucam
959 2704 1018 2766 ott,
1032 2704 1101 2770 563,
1119 2702 1187 2770 tepea
1200 2702 1304 2772 ropaoi,
1316 2706 1348 2754 72

133 2769 272 2824 mandirte
292 2769 338 2825 bei
356 2769 504 2825 Pharsalus
524 2769 578 2823 den
597 2768 693 2823 linkeu
747 2771 789 2825 als
809 2770 1002 2826 Volketribun.
1019 2771 1024 2839 Ι
1042 2777 1073 2826 17
1094 2789 1173 2827 orma
1189 2773 1304 2842 -tali,

132 2841 247 2910 Fregel,
270 2841 319 2895 der
340 2841 444 2911 jedoch
467 2841 546 2895 nicht
569 2839 620 2896 in's
639 2839 693 2895 Ge·
767 2880 772 2894 .
797 2842 856 2912 Lig.
882 2847 915 2896 16
946 2843 1011 2896 tulit
1043 2860 1122 2899 ormo
1149 2848 1245 2898 contro
1272 2849 1304 2900 tc.

132 2912 211 2967 feoht
228 2911 302 2966 kam.
329 2917 333 2976 Ι
358 2912 522 2979 Domitium,
540 2917 574 2965 27
593 2910 611 2966 i.
631 2912 663 2967 A.
746 2860 808 2984 lle
822 2929 872 2982 quc
889 2913 964 2968 reiht
982 2912 1032 2968 das
1051 2918 1076 2969 2.
1096 2913 1176 2969 Glied
1196 2930 1262 2968 orac
1280 2919 1305 2968 ct

131 2991 149 3038 3
177 2988 208 3036 ut
233 2984 380 3038 aouuudoa
410 2981 501 3052 (alios)
529 2982 659 3038 servavit.
745 2985 821 3051 fian
839 2985 915 3048 deos;
933 2983 983 3038 das
1002 2983 1165 3053 Aayndeton
1180 3002 1206 3054 p.
1217 2991 1259 3052 79,
1273 2990 1304 3051 43

132 3059 149 3108 b
182 3055 269 3109 tantia
299 3055 416 3110 talibus:
448 3054 498 3108 das
528 3052 692 3124 Aeyndeton
746 3055 802 3125 vgl.
815 3059 926 3120 11510.
945 3056 950 3123 Ι
966 3060 1001 3109 20
1020 3071 1069 3109 cur
1086 3071 1153 3121 aon,
1171 3061 1275 3110 auno.

131 3125 172 3180 iat
189 3125 356 3194 auffallend,
379 3124 524 3179 vielleicht
546 3125 576 3178 iu
599 3125 691 3179 Naoh·
746 3133 780 3181 21
799 3127 845 3182 ius
858 3126 1033 3236 postulatas,
1052 3132 1115 3180 aul
1134 3131 1150 3192 ς
1168 3132 1214 3195 27;
1237 3127 1286 3196 qu'

132 3197 259 3265 ahmung
273 3196 485 3251 alterthdmlioh
498 3195 693 3250 formelhafter·
747 3199 784 3253 od
802 3214 869 3252 rcm.
902 3198 974 3251 auch
993 3197 1064 3252 ohne
1082 3198 1145 3263 boc,
1163 3197 1216 3252 wie
1234 3199 1305 3252 cibit

132 3267 211 3322 Rode
230 3268 345 3336 gesetzt.
382 3266 484 3322 inPis.
507 3272 521 3319 7
541 3268 693 3336 uocatque
747 3270 784 3324 od
809 3285 879 3335 γονης
901 3268 1028 3339 plicae.
1048 3270 1110 3324 Am.
1129 3275 1163 3324 92
1187 3267 1304 3324 Romae:

132 3343 249 3394 tontum.
266 3341 270 3406 Ι
286 3340 318 3392 iu
331 3339 468 3406 Africam,
486 3338 559 3392 Einl.
571 3355 598 3406 p.
610 3343 635 3405 6,
650 3341 691 3392 35.
746 3357 839 3396 oerurn
857 3341 924 3409 quid
943 3340 980 3394 od
998 3339 1073 3395 rem?

135 3408 139 3480 Ι
167 3416 183 3464 6
206 3410 268 3464 betti
291 3425 361 3478 porc
383 3415 477 3477 tauto,
503 3409 582 3464 Verr.
602 3414 618 3462 5
642 3413 692 3474 §6
783 3417 816 3466 22
845 3411 964 3466 exosas
986 3411 1108 3476 vocibus,
1137 3411 1220 3466 ‘ohne
1245 3410 1305 3466 sich
1316 3417 1348 3465 73

132 3497 168 3535 ac
191 3496 251 3535 cum
274 3481 306 3534 io
324 3481 424 3536 Sicilia
442 3481 550 3550 quidem
568 3480 633 3547 fuit,
652 3495 692 3536 co·
746 3499 783 3538 on
801 3481 867 3539 dein
880 3480 1013 3538 Geschrei
1031 3501 1064 3536 au
1081 3482 1214 3549 kehren'3
1232 3482 1305 3537 doch

132 3553 194 3606 uem
221 3552 365 3606 interuallo
389 3567 459 3625 porc
486 3553 545 3606 cias
572 3552 635 3606 bctlc'
662 3551 694 3605 to
746 3559 821 3608 wtre
839 3552 931 3608 dieser
954 3554 1138 3622 dhertragene
1157 3553 1305 3608 Gebrauch

134 3622 253 3677 Italiam
279 3624 340 3677 alla
362 3623 494 3692 pervasit.
519 3623 523 3691 Ι
555 3628 569 3676 7
593 3623 694 3691 itaque,
746 3641 803 3679 von
828 3629 950 3678 eucotere
975 3624 1039 3679 sehr
1063 3623 1153 3690 trihu,
1182 3623 1305 3678 weshalb

133 3693 191 3748 und
224 3693 287 3748 dem
308 3698 399 3748 emtas
431 3694 492 3762 (bat
524 3692 589 3748 dich
621 3693 693 3748 auch
747 3695 823 3750 wohl
843 3695 896 3748 mit
913 3693 1104 3749 Hirschfelder
1127 3693 1248 3764 explosis
1271 3712 1305 3748 au

133 3763 236 3819 Caesar
257 3712 429 3833 beluandelt).
456 3765 460 3832 Ι
485 3770 501 3819 9
529 3765 592 3819 belli
610 3765 693 3833 prta-
748 3765 893 3821 schreiben
910 3764 984 3831 istd
1006 3767 1135 3834 praedes,
1155 3770 1188 3820 78
1206 3765 1225 3820 i
1244 3767 1276 3818 A.
1299 3765 1303 3836 Ι

130 3851 210 3904 cepa,
235 3841 284 3890 106
307 3853 422 3905 quorum
445 3837 513 3890 ulter
538 3836 694 3904 plodiorum
747 3843 781 3891 23
800 3836 911 3892 Diesem
929 3853 990 3892 crure
1008 3837 1077 3906 geht
1094 3835 1162 3890 weit
1179 3836 1305 3906 htufiger

132 3911 174 3961 cst
187 3908 325 3977 prinecps.
360 3905 514 3976 Uebrigens
527 3906 619 3962 haben
634 3906 693 3961 sich
747 3909 792 3963 ein
811 3907 860 3978 ipf.
879 3907 946 3964 oder
963 3907 1032 3977 plpf.
1050 3924 1150 3974 voran3
1174 3907 1235 3962 hier
1258 3907 1304 3962 bc·

132 3976 211 4032 dieue
243 3977 298 4032 und
337 3976 382 4032 die
414 3977 564 4047 folgenden
595 3977 694 4032 Worte
747 3979 859 4034 deutete
869 3980 991 4034 mittebat
1006 3980 1116 4033 ‘eruar
1129 3978 1169 4033 im
1178 3978 1304 4048 Begn'ff’,

133 4047 219 4104 freter
241 4065 278 4103 on
300 4048 351 4104 das
369 4049 694 4131 vorhergehenderuc'us
747 4051 822 4105 misit
832 4050 875 4132 ‘er
882 4050 1129 4134 butthatstchlich
1138 4049 1305 4132 geschickt'3

132 4120 382 4260 attritur
400 4120 695 4272 tumulltu
744 4120 983 4263 altrat
996 4126 1146 4264 131111ρὶἴῖ
1159 4121 1304 4262 ,raet

133 4263 219 4330 fidius.
244 4263 248 4332 Ι
276 4267 309 4316 ot
326 4262 434 4316 dicebas
451 4262 518 4332 ipsc,
536 4259 694 4317 falschhch.
747 4280 793 4319 soe
815 4268 933 4334 optaret:
960 4281 1020 4320 oum
1043 4265 1132 4319 subito
1153 4278 1217 4318 coos
1234 4263 1304 4316 cotos

137 4333 140 4404 Ι
173 4339 205 4387 11
235 4333 390 4402 appellatus
417 4348 459 4387 es:
488 4330 556 4387 ‘bist
582 4332 620 4387 du
648 4348 694 4402 ge·
747 4351 836 4390 seruos
860 4340 979 4391 armatos
1004 4336 1091 4403 foisse
1115 4335 1195 4390 dixit.
1233 4335 1304 4400 (cum

135 4403 386 4472 mahut'worden'3
401 4403 487 4460 dovor
500 4403 539 4459 iet
552 4401 695 4460 vielleicht
748 4406 801 4460 mit
818 4411 907 4476 praes.
927 4407 1000 4461 uach
1018 4406 1068 4476 ptr
1087 4423 1113 4475 p.
1130 4405 1191 4460 Sest
1206 4409 1247 4459 79.
1268 4403 1305 4459 ad
