2952 4890
166 161 228 225 46·
561 159 598 214 Μ.
619 157 741 213 TULLII
760 156 951 214 CICERONIS

168 324 292 388 scribae
318 323 464 386 sufficere
487 343 546 386 nec
569 321 701 386 tabulae
724 320 857 386 nomina
874 320 1007 384 illorum
1026 341 1140 403 capere
1157 322 1345 405 potuerunt.

115 424 147 472 ιι
167 412 287 477 etenim
311 433 383 476 cum
410 410 559 476 homines
586 408 703 474 nefarii
730 409 769 473 de
797 408 923 494 patriae
950 408 1124 492 parricidio
1154 408 1345 473 confiteren-

165 505 228 583 tur,
266 500 467 565 consciorum
500 498 642 581 indiciis,
675 521 733 562 sua
765 519 877 579 manu,
914 519 992 561 voce
1023 519 1127 581 paene
1159 496 1344 562 litterarum

166 590 284 671 coacti,
309 611 342 652 se
365 587 478 652 urbem
502 588 717 669 inflammare,
741 587 827 650 cives
850 584 1026 667 trucidare,
1048 589 1178 652 vastare
1200 585 1345 668 Italiam,

166 677 272 741 delere
300 699 369 742 rem
401 676 565 760 publicam
593 675 808 753 consensisse,
841 675 912 758 quis
940 677 1027 750 esset
1054 675 1110 758 qui
1138 674 1178 738 ad
1203 675 1371 738 saluteme

168 787 371 831 communem
407 763 639 828 defendendam
675 785 742 827 non
779 763 996 828 excitaretur?
1041 763 1236 846 praesertim
1268 785 1345 828 cum

168 859 297 918 senatus
331 853 534 937 populusque
559 851 741 917 Romanus
759 851 895 916 haberet
926 851 1052 934 ducem,
1089 852 1194 935 qualis
1228 851 1256 916 si
1288 853 1345 936 qui

166 965 252 1007 nunc
280 947 377 1025 esset,
400 942 463 1006 tibi
485 942 571 1006 idem
599 940 684 1024 quod
707 940 774 1004 illis
799 941 916 1006 accidit
942 940 1142 1024 contigisset.
1175 940 1216 1004 ad
1234 941 1344 1024 sepul-

167 1035 275 1095 turam
299 1052 414 1115 corpur
438 1030 544 1094 vitrici
572 1031 622 1094 sui
645 1032 745 1114 negat
772 1052 792 1093 a
819 1051 870 1092 me
894 1029 1014 1092 datum.
1059 1029 1121 1092 hoc
1144 1051 1220 1094 vero
1243 1051 1285 1092 ne
1308 1029 1343 1093 P.

168 1119 298 1204 quidem
313 1117 444 1183 Clodius
463 1119 546 1183 dixit
563 1140 718 1202 unquam:
742 1119 795 1183 cui
814 1119 889 1202 quia
907 1117 978 1181 iure
996 1117 1145 1182 inimicus
1164 1117 1227 1200 fui,
1248 1117 1343 1182 doleo
1359 1136 1385 1175 1⁰

118 1220 149 1268 18
169 1229 188 1272 a
211 1212 244 1272 te
268 1206 417 1272 omnibus
440 1207 528 1272 vitiis
548 1229 621 1272 eum
641 1229 710 1271 esse
730 1212 926 1290 superatum.
969 1206 1025 1289 qui
1044 1209 1153 1270 autem
1171 1207 1233 1270 tibi
1252 1207 1347 1271 venit

168 1296 203 1360 in
226 1299 367 1360 mentem
389 1295 535 1381 redigere
557 1296 592 1360 in
615 1295 806 1362 memoriam
828 1298 975 1359 nostram
997 1298 1031 1359 te
1054 1294 1144 1360 domi
1161 1294 1197 1359 P.
1212 1294 1343 1360 Lentuli

169 1407 238 1448 esse
262 1384 455 1449 educatum?
488 1407 529 1449 en
552 1385 706 1449 verebare
729 1404 769 1448 ne
792 1405 858 1448 non
880 1389 1067 1467 putaremus
1089 1387 1207 1448 natura
1229 1387 1262 1448 te
1285 1406 1343 1467 po-

168 1474 268 1538 tuisse
286 1477 355 1537 tam
374 1473 560 1556 improbum
579 1473 723 1555 evadere,
740 1471 806 1536 nisi
825 1472 1014 1537 accessisset
1033 1473 1132 1536 etiam
1147 1472 1343 1555 disciplina?

133 1564 237 1628 Stam
267 1566 375 1626 autem
403 1584 475 1626 eras
503 1582 629 1644 excors,
660 1565 697 1625 ut
723 1563 795 1625 tota
822 1561 856 1625 in
884 1561 1030 1625 oratione
1057 1564 1114 1624 tua
1140 1565 1248 1625 tecum
1270 1562 1342 1644 ipse
1356 1581 1382 1621 rs

167 1670 343 1734 pugnares,
373 1672 440 1714 non
471 1650 565 1715 modo
599 1672 664 1715 non
696 1649 906 1715 cohaerentia
937 1648 1022 1714 inter
1055 1671 1089 1713 se
1118 1649 1255 1732 diceres,
1285 1650 1343 1722 sed

168 1739 307 1804 maxime
331 1738 475 1804 diiuncta
498 1742 595 1824 atque
618 1739 789 1821 contraria,
810 1740 848 1802 ut
866 1759 932 1801 non
949 1741 1044 1802 tauta
1062 1759 1196 1817 mecum,
1220 1742 1344 1822 quanta

167 1912 239 1966 wird
253 1912 304 1966 das
317 1912 547 1982 vorhergehende
561 1913 636 1967 dedit
649 1913 729 1967 mehr
783 1912 905 1966 bensatz.
927 1911 931 1981 l
951 1912 1026 1965 doleo
1045 1932 1093 1964 -—:
1113 1911 1168 1966 eie.
1188 1913 1268 1966 hatte
1286 1929 1342 1966 we-

168 1983 219 2037 auf
234 1983 289 2038 den
307 1983 418 2038 blorsen
436 1983 558 2038 Conatus
576 1984 727 2054 zuriickge-
782 1999 836 2051 gen
863 1982 913 2036 der
939 1983 1009 2036 vitia
1043 1983 1092 2036 des
1121 1981 1234 2037 Clodius
1266 1983 1343 2037 allen

168 2053 254 2108 ftihrt.
285 2055 289 2122 Ι
318 2055 457 2109 isere'dae
475 2054 537 2108 sind
554 2053 728 2124 heineswegs
782 2053 969 2122 (trumhere)
982 2053 1031 2106 ihu
1047 2054 1204 2108 zuhassen:
1224 2071 1342 2108 somuss

169 2123 245 2179 bles·
256 2124 410 2192 Sehreiber,
428 2125 547 2180 sondern
562 2125 650 2180 durch
667 2125 728 2180 ihre
782 2140 813 2177 er
830 2123 971 2180 bedauern
989 2124 1054 2178 dass
1073 2125 1147 2192 Ant,
1167 2125 1293 2180 walchen
1311 2141 1342 2178 er

170 2194 462 2250 Gesehtftslrenntniss
475 2195 505 2250 in
515 2196 601 2265 Fulge
612 2196 728 2250 dauern·
781 2195 928 2250 mehrfach
938 2197 1043 2250 amicae
1052 2197 1149 2263 uenat,
1160 2195 1247 2264 jeueu
1253 2196 1343 2250 durch

169 2265 218 2319 der
240 2265 407 2335 Anatellung
433 2267 497 2321 sehr
521 2266 728 2322 einfiussreiche
782 2265 838 2320 alle
858 2265 1016 2335 mdglichen
1035 2268 1106 2320 uitia
1128 2267 1200 2320 noch
1223 2267 1342 2322 iiberho-

170 2336 729 2405 subalternbeamte,etwaunserenRech·
782 2339 831 2391 ten
847 2336 911 2401 hat3
934 2337 1009 2391 deun
1031 2337 1170 2392 nunmehr
1188 2339 1293 2392 mdeste
1312 2354 1343 2391 er

169 2425 273 2532 dhlddd.
301 2407 361 2561 lli}
372 2407 728 2561 rdlidllttdttddnwaerneldpdiee
783 2406 1203 2560 dep2arppippppnhqpeppp.dioe
1217 2479 1343 2546 oderse-
1363 2489 1396 2538 18

168 2565 189 2602 a
200 2553 349 2617 quaererer
366 2549 424 2602 und
439 2549 484 2603 dre
494 2550 544 2604 der
553 2549 728 2604 curulischen
769 2548 900 2674 Q
910 2549 988 2604 nicht
1006 2565 1136 2604 revocare
1154 2549 1185 2604 in
1202 2565 1285 2604 mem.
1304 2549 1343 2605 ist

168 2619 300 2687 Aedilen,
331 2635 387 2673 von
414 2619 536 2690 weniger
561 2619 727 2690 Bedeutung
803 2619 1034 2686 reeronianieeh.l
1058 2627 1230 2686 taratara,
1258 2621 1342 2675 disci-

168 2688 214 2743 die
242 2689 293 2742 der
320 2689 500 2759 plebeischen
522 2690 642 2746 Aedilen
670 2691 727 2746 und
775 2691 869 2759 plina,
886 2691 954 2746 Hor.
974 2707 996 2744 c.
1011 2697 1037 2760 4,
1056 2698 1081 2758 4,
1096 2697 1129 2745 33
1149 2693 1277 2746 aearum
1295 2694 1342 2746 sed

169 2759 218 2814 der
235 2759 446 2814 Volkstribune.
781 2763 836 2815 aira
848 2763 1119 2830 promeretiure'tam.
1143 2763 1341 2831 potuissetht.

118 2840 149 2886 17
204 2836 301 2886 3eoee
319 2847 410 2898 paene
433 2833 498 2899 litt,
531 2851 558 2902 p.
575 2832 679 2888 Scauro
695 2840 727 2888 16
785 2831 843 2904 lle
861 2839 1078 2888 remeavere:
1096 2831 1340 2902 vgl.0atil.4§17

170 2903 388 2971 (argumentum)
406 2905 585 2972 quadrarum
602 2921 656 2959 aaa
675 2910 729 2970 est,-
782 2904 854 2957 ιιιιῑῑι1
872 2909 937 2958 secat
955 2905 1061 2959 taeenti
1078 2909 1144 2959 tam
1162 2909 1213 2960 aut
1224 2905 1342 2971 senuna
1409 2923 1413 2932 ·

169 2973 729 3044 denat.d.3§910araeatpaepaeueaoeem
782 2975 898 3028 miseri
920 2979 970 3028 aut
993 2996 1035 3040 ..;
1067 2975 1239 3030 namentlieh
1257 2975 1341 3030 Prae-

169 3044 331 3110 aadiamas;
349 3063 376 3114 p.
386 3043 459 3100 (lael.
467 3052 501 3101 66
515 3048 729 3114 earaoatprr'ae
782 3044 954 3114 positionem,
982 3045 1102 3101 Formeu
1125 3062 1180 3100 von
1203 3061 1257 3100 esee
1283 3047 1341 3100 und

169 3115 348 3182 contremere,
370 3116 518 3170 maltorum
536 3118 636 3182 oeulis,
659 3117 729 3184 saer*-
782 3116 970 3171 Formwdrter
987 3118 1079 3170 treten
1092 3117 1189 3187 haufig
1202 3117 1341 3171 awischen

168 3187 245 3240 rearis
263 3187 453 3254 deuiqaeame
468 3187 660 3242 tantiseelere's
673 3189 727 3242 eri·
780 3191 837 3240 tam
854 3186 911 3240 und
931 3187 982 3241 das
1001 3187 1171 3257 zugehdrige
1184 3187 1272 3242 Wort.
1306 3187 1342 3242 de
1453 3243 1454 3252 ,

169 3271 229 3310 mere
247 3257 435 3324 expresserint.
457 3258 461 3322 Ι
483 3263 499 3310 4
518 3258 611 3312 urbem
624 3274 727 3312 -rem
781 3259 1341 3327 or.1§32quidtamporrore9iam..

167 3343 206 3394 p,
224 3325 270 3380 die
288 3329 381 3380 ersten
397 3326 499 3381 beiden
507 3325 621 3382 Glieder
634 3328 726 3383 haben
782 3327 841 3398 416
859 3343 917 3382 aare
933 3329 1025 3394 modo,
1053 3329 1103 3382 das
1121 3329 1285 3399 Asyndeton
1302 3329 1342 3384 ist

169 3395 465 3467 dieselbeWortfolge,
484 3397 530 3452 die
544 3398 644 3454 beiden
658 3399 726 3453 letz-
779 3399 844 3454 sehr
861 3399 938 3466 hart3
967 3415 996 3454 es
1019 3399 1057 3455 ist
1074 3400 1151 3454 wohl
1168 3405 1193 3454 et
1214 3416 1267 3454 vor
1283 3415 1342 3454 eea

168 3473 216 3522 ten
234 3467 280 3522 die
299 3467 495 3538 umgelrehrte3
516 3469 639 3524 dieselbe
657 3469 726 3524 Ver·
780 3469 953 3538 anagefallen
975 3471 1042 3524 oder
1064 3471 1156 3526 diceres
1178 3489 1213 3524 au
1237 3470 1340 3525 schrei-

168 3538 295 3609 bindung
324 3538 540 3608 anaphorischer
565 3541 622 3594 und
651 3541 724 3596 chia·
780 3541 843 3594 ben.
880 3555 937 3594 aare
950 3542 1075 3604 meda„
1093 3543 1140 3596 sed
1154 3542 1230 3596 steht
1243 3541 1341 3612 haufig

169 3610 288 3666 stischer
315 3609 520 3680 Wortstellung
553 3611 628 3682 aeigt
659 3613 688 3669 Z.
712 3619 727 3666 3
782 3612 855 3665 auch
882 3611 912 3664 in
940 3612 989 3666 der
1017 3612 1185 3682 Steigsruug
1212 3611 1340 3680 (Gesila

169 3697 254 3736 corne
269 3711 303 3720 -
318 3681 371 3736 litt.
388 3683 392 3748 1
409 3687 425 3736 5
440 3683 727 3739 coeremitae-eon·
782 3687 854 3746 524.
874 3684 992 3752 4522),
1019 3683 1127 3738 liberali
1146 3684 1213 3737 aber
1230 3683 1294 3754 gibt
1312 3700 1342 3738 es

167 3751 285 3818 iurasse,
312 3753 366 3807 mit
387 3751 437 3806 inf.
460 3753 533 3807 auch
556 3753 592 3806 ad
615 3754 682 3820 sam,
703 3761 727 3822 6,
781 3755 845 3807 dem
864 3753 980 3807 zweiten
995 3753 1094 3808 (iliade
1112 3754 1229 3809 solchen
1247 3754 1341 3808 Nach-

170 3827 212 3890 18,
222 3828 247 3891 2,
267 3823 369 3878 ebenso
388 3825 527 3878 caesonio
541 3823 727 3893 Verr.t§18;
782 3823 877 3890 dmck,
892 3823 1017 3878 desudas
1031 3826 1104 3878 erate
1118 3826 1191 3896 dage
1227 3843 1248 3878 ιι
1261 3825 1343 3880 nicht

169 3893 218 3948 der
227 3893 275 3947 inf.
287 3894 363 3948 steht
376 3893 573 3963 epexegetisch
581 3913 617 3950 zu
632 3897 665 3950 de
673 3913 727 3964 pa·
782 3894 861 3948 mehr
875 3892 905 3948 in
914 3893 1048 3950 Betracht
1061 3895 1178 3952 kommt.
1230 3895 1341 3964 l.·Seyf·

168 3965 238 4018 triae
251 3965 418 4033 parricidio.
435 3966 439 4032 Ι
456 3970 472 4020 8
491 3967 528 4020 ad
546 3982 599 4034 sep.
615 3987 663 4019 -.·
682 3966 727 4021 ein
780 3964 861 4030 fertt
872 3971 923 4019 343
936 3967 968 4019 A.
979 3971 1004 4022 4.
1012 3983 1039 4034 p.
1051 3965 1125 4020 Cael.
1139 3972 1171 4021 15
1181 3969 1341 4036 ιἰιᾳιιοιιοιι

167 4051 253 4090 neuer
270 4034 408 4104 ,Vorwurf
437 4037 486 4090 des
508 4036 654 4093 Antonius.
680 4038 684 4102 Ι
710 4043 727 4091 9
780 4037 858 4091 reoda
877 4037 977 4092 crimea
994 4037 1134 4104 haerebat,
1158 4039 1205 4092 sed
1226 4039 1276 4092 cta
1298 4037 1340 4093 ca·-

169 4111 250 4176 repat
268 4106 341 4161 nach
359 4107 412 4162 tior·
429 4107 457 4162 Z.
468 4112 494 4175 8,
513 4125 548 4161 zu
566 4113 647 4189 pla,
661 4113 703 4162 11.
721 4107 724 4178 1
780 4108 846 4160 certi
864 4108 1044 4162 walameris
1062 4109 1261 4164 cohaerebat
1278 4125 1341 4163 ora-

171 4182 204 4230 10
232 4178 278 4232 eei
303 4179 371 4246 qaia
397 4218 429 4232 ..
453 4194 513 4233 eam
539 4180 593 4232 mit
619 4178 728 4232 nahezu
780 4179 827 4233 tio.
849 4179 854 4248 Ι
875 4184 908 4232 17
928 4195 1001 4234 mea.
1019 4180 1069 4234 dii.
1089 4184 1170 4248 alque
1188 4185 1286 4246 emata,
1312 4198 1339 4249 p.

167 4247 329 4318 regelmtssi
350 4265 394 4303 em
410 4249 563 4304 Auschluss
582 4249 631 4302 des
645 4247 726 4303 Rela-
783 4247 856 4304 Cael.
868 4256 901 4303 12
920 4256 976 4304 tam
994 4267 1028 4304 ea
1047 4251 1196 4306 centuriis
1213 4251 1340 4306 diverh—

166 4318 257 4373 tivum
275 4267 383 4375 auden
404 4319 653 4390 vorausgehenden
672 4319 727 4374 Ne·
781 4337 831 4390 que
849 4326 874 4374 et
891 4321 964 4376 ieter
976 4323 1209 4391 remeantibus
1221 4325 1341 4377 naturae
