2952 4890
372 266 412 320 ιιι
430 266 467 320 ιι.
486 263 683 320 euronium
702 263 758 320 oa.
777 263 873 319 rum.
891 263 926 334 ιι,
945 269 1058 320 ιι-ιι.
1256 263 1297 329 81

130 435 161 496 et
184 429 272 495 domi
300 429 429 516 quidem
460 450 589 495 causam
613 427 732 493 amoris
754 426 914 512 habuisti,
943 426 1026 493 foris
1054 427 1152 494 etiam
1177 428 1300 512 turpio·

129 541 210 604 rem,
237 541 277 584 ne
300 518 335 584 L.
357 517 496 584 Plancus
522 517 656 603 praedes
682 520 757 582 tuos
786 515 946 581 venderet.
992 516 1168 600 productus
1191 520 1300 582 autem

129 609 163 673 in
189 607 372 673 contionem
401 630 420 672 a
448 606 581 672 tribuno
608 605 713 691 plebis
747 627 819 670 cum
846 605 1067 688 respondisses
1094 609 1127 670 te
1153 606 1202 670 rei
1224 609 1300 671 tuae

131 719 227 763 causa
253 697 393 775 venisse,
422 696 578 781 populum
606 694 706 759 etiam
734 694 877 760 dicacem
906 693 942 758 in
963 697 996 759 te
1018 693 1198 760 reddidisti.
1244 695 1300 761 sed

90 805 104 846 e
129 787 224 852 nimis
248 785 352 851 multa
374 785 413 850 de
436 784 545 870 nugis:
567 784 609 849 ad
631 783 757 850 maiora
778 783 954 848 veniamus.

218 873 253 940 O.
276 871 408 940 Caesari
431 895 470 938 ex
491 872 651 958 Hispania
678 872 824 938 redeunti
851 871 982 937 obviam
1009 871 1199 957 longissime
1227 872 1366 958 pro-32-

130 963 270 1049 cessisti3
298 963 446 1028 celeriter
471 962 527 1028 isti
553 961 680 1046 redisti,
707 963 744 1026 ut
766 964 980 1045 ‘cognosceret
1001 965 1034 1026 te
1058 961 1086 1026 si
1108 961 1215 1026 minus
1237 960 1302 1027 for-

129 1056 197 1118 tem
219 1055 254 1117 at
275 1055 385 1118 tamen
410 1055 590 1117 strenuum:
612 1051 719 1116 factus
743 1071 778 1114 es
801 1050 831 1114 ei
853 1071 964 1115 rursus
987 1050 1096 1116 nescio
1120 1071 1182 1136 quo
1204 1050 1300 1116 modo

131 1141 310 1207 familiaris.
355 1140 499 1206 habebat
516 1140 579 1206 hoc
597 1139 730 1206 omnino
749 1136 883 1204 Caesar:
906 1159 1001 1225 quem
1024 1139 1121 1223 plane
1139 1138 1302 1223 perditum

93 1251 118 1292 ιο
132 1253 203 1296 aere
232 1231 338 1296 alieno
366 1233 591 1316 egentemque,
622 1229 651 1293 si
678 1226 814 1293 eundem
840 1248 981 1313 nequem
1010 1227 1178 1293 hominem
1205 1227 1302 1296 auda·

132 1341 263 1403 cemque
286 1321 456 1404 cognorat,
480 1317 567 1383 hunc
594 1317 630 1381 in
650 1316 912 1382 familiaritatem
933 1316 1147 1382 libentissime
1169 1317 1302 1401 recipie·

131 1409 198 1474 bat.
241 1407 292 1473 his
314 1407 416 1492 igitur
435 1406 533 1472 rebus
550 1406 714 1491 praeclare
732 1405 985 1490 commendatus,
1006 1405 1113 1471 iussus
1133 1427 1167 1472 cs
1186 1427 1301 1474 renun·
1312 1417 1344 1467 79

130 1497 209 1562 tiari
231 1497 344 1562 consul
370 1500 404 1561 et
430 1494 560 1580 quidem
587 1516 661 1560 cum
686 1495 767 1579 ipso.
811 1493 896 1558 nihil
922 1515 1038 1578 queror
1060 1494 1100 1560 de
1121 1493 1302 1580 Dolabella,

95 1605 97 1612 ·
131 1587 187 1671 qui
213 1587 283 1650 tum
311 1591 362 1651 est
389 1585 562 1669 impulsus,
593 1583 756 1666 inductus,
789 1583 906 1648 elusus.
952 1605 1015 1668 qua
1046 1583 1082 1648 in
1112 1604 1147 1648 re
1179 1586 1302 1669 quanta

91 1694 118 1734 15
130 1675 230 1740 fuerit
256 1678 391 1759 uterque
418 1676 562 1739 vestrum
590 1672 727 1757 perfidia
752 1671 787 1736 in
813 1670 1021 1737 Dolabellam
1050 1671 1120 1757 quis
1148 1671 1302 1758 ignoret?

131 1763 188 1828 ille
210 1764 405 1848 promissum
428 1766 461 1828 et
482 1765 647 1846 receptum
669 1761 855 1827 intervertit
877 1761 918 1825 ad
941 1781 1038 1846 seque
1061 1761 1243 1846 transtulit3
1265 1765 1302 1828 tu

132 1853 200 1918 eius
227 1852 379 1937 perfidiae
401 1852 601 1918 voluntatem
627 1859 719 1916 tuam
746 1849 937 1934 ascripsisti.
981 1849 1115 1916 veniunt
1136 1849 1303 1916 Kalendae

131 1941 314 2025 Ianuariae,
343 1941 490 2028 cogimur
514 1941 551 2008 in
578 1942 738 2005 senatum:
765 1939 912 2004 invectus
941 1941 991 2004 est
1014 1938 1176 2023 copiosius
1199 1940 1302 2006 multo

132 2030 168 2095 in
193 2031 293 2096 istum
321 2032 354 2094 et
380 2029 527 2114 paratius
553 2028 729 2094 Dolabella
756 2049 853 2111 quam
884 2048 970 2092 nunc
997 2048 1067 2114 ego.
1111 2027 1166 2093 hic
1193 2031 1302 2093 autem
1312 2039 1347 2090 30

90 2139 119 2179 ιο
132 2120 235 2184 iratus
258 2141 339 2204 quae
363 2118 453 2202 dixit,
475 2117 509 2183 di
531 2115 623 2183 boni!
647 2117 788 2201 primum
810 2137 883 2182 cum
902 2112 1022 2182 Caesar
1045 2116 1242 2183 ostendisset
1260 2139 1303 2201 sc,

86 2319 123 2370 ‘18
147 2318 184 2372 ι1
205 2327 316 2368 caucam
333 2313 443 2377 omum,
467 2310 525 2366 ‘die
543 2309 630 2365 Liehe
649 2310 692 2364 alr
746 2314 841 2378 3345,
865 2309 932 2363 4Α.
973 2307 1089 2380 Madvig
1107 2327 1141 2363 zu
1159 2309 1193 2364 de
1212 2310 1258 2364 fin.
1277 2315 1303 2377 2,

134 2383 362 2454 Veranlassung',
381 2380 562 2454 explicativcr
580 2379 689 2454 Genitl
745 2386 794 2449 2⁷,
822 2383 855 2436 86
883 2379 915 2434 Ε.
989 2378 1091 2450 ichert,
1120 2378 1252 2434 Stillehre
1279 2386 1304 2448 1,

133 2461 153 2512 2.
164 2454 198 2511 L.
215 2455 366 2510 Menoetius
381 2455 505 2509 Plancus
527 2453 692 2509 verwaltete
745 2450 1089 2521 erest.)1aiatebar-
1108 2450 1303 2518 ememor.

134 2525 177 2580 als
195 2525 401 2596 Stadtpraefect
419 2525 464 2580 die
475 2523 624 2580 Geschtfte
642 2524 691 2579 der
745 2540 826 2578 serm.
846 2527 875 2592 1,
894 2528 924 2592 3,
943 2529 959 2578 3
982 2521 1090 2577 Sardus
1116 2522 1232 2577 babebat
1257 2523 1305 2578 iiie

133 2598 247 2667 praetor
259 2598 388 2652 urbanm.
405 2599 409 2667 Ι
422 2597 538 2666 praedes
551 2600 613 2651 tuos
629 2612 691 2649 oera-
748 2594 883 2663 Tigellius
895 2594 952 2651 boc.
977 2591 1030 2648 Die
1039 2593 1216 2663 Bemerkung
1229 2594 1305 2649 steht

132 2669 220 2735 deret
246 2668 314 2723 hura
341 2667 386 2722 fur
412 2667 529 2738 praedia
555 2666 692 2737 praedam
745 2665 810 2720 dem
841 2662 1063 2735 cigenthtmlich
1099 2681 1132 2718 ιιι
1164 2661 1304 2731 Gesichte,

132 2741 246 2795 tuorum
269 2740 314 2807 (zu
332 2745 366 2794 39
387 2739 501 2808 Pompei
522 2739 631 2807 seda),
656 2737 693 2792 da
746 2735 867 2792 welcher
885 2735 946 2790 sich
964 2735 1052 2790 selbot
1064 2752 1120 2792 von
1133 2733 1235 2792 Caesar
1253 2735 1306 2790 mit

133 2827 200 2864 man
218 2809 279 2865 sich
295 2811 335 2864 im
347 2809 411 2864 Fall
429 2807 693 2866 einerverwirhten
746 2807 818 2862 Gelu
840 2807 1032 2862 unterstfitaen
1053 2806 1133 2875 liess,
1161 2807 1305 2867 Dramann

131 2881 241 2937 Schuld
271 2881 357 2937 sofort
388 2896 425 2935 an
456 2880 502 2935 die
530 2879 617 2935 (iuter
643 2879 693 2934 der
718 2945 720 2950 Ι
746 2877 777 2932 G.
788 2878 821 2933 lt.
838 2885 864 2947 6,
876 2882 928 2932 400
944 2879 1008 2946 (07).
1025 2879 1030 2948 Ι
1045 2893 1123 2947 quam
1141 2879 1188 2946 (sc.
1203 2895 1305 2948 cogno-

134 2954 247 3024 Bi'trgen
273 2952 352 3006 hielt.
396 2950 587 3019 cuiusnam.
605 2950 693 3006 Priu-
745 2950 812 3018 rat),
829 2949 855 3002 ci
873 2988 907 3014 ..,
926 2965 960 3004 ιιι
979 2954 1013 3003 38
1032 2966 1059 3030 g.
1078 2948 1109 3003 Ε.

133 3024 226 3080 Recht
245 3023 271 3080 S.
282 3029 335 3079 334
349 3021 376 3078 ff.
393 3025 397 3093 Ι
418 3029 434 3078 3
457 3023 499 3078 rei
517 3027 580 3078 tuuc
598 3037 693 3089 carco,
778 3025 811 3074 12
829 3021 922 3074 incure
944 3019 1082 3085 cs,·E1nl.
1100 3036 1128 3089 p.
1148 3025 1173 3088 7,
1194 3023 1222 3085 1;
1245 3020 1348 3090 vgiia

132 3095 195 3150 also
214 3094 293 3150 nicht
310 3094 350 3149 im
367 3094 503 3166 Aufcage
521 3093 570 3148 des
583 3092 692 3148 Caesar.
745 3096 849 3162 p.82,1;
863 3091 1035 3145 renuatiari:
1048 3089 1306 3145 metusserei'orm

135 3165 189 3221 Die
197 3167 296 3222 Worte
310 3165 403 3236 geben
411 3181 510 3236 wegen
523 3165 598 3220 ihrer
607 3164 695 3220 Zwei-
748 3162 798 3218 der
803 3160 1025 3217 Wahlcomitien
1034 3178 1091 3218 war
1099 3160 1303 3233 beibehalten.l

135 3236 307 3308 dcutigheit,
329 3236 367 3292 da
389 3235 428 3292 sic
452 3236 524 3291 auch
548 3235 599 3290 auf
619 3235 695 3291 scine
750 3239 782 3288 13
805 3234 838 3289 dc
860 3233 974 3300 Dolub„
1002 3231 1099 3288 soweit
1121 3232 1154 3288 D.
1181 3233 1306 3288 dedurch

133 3306 452 3378 Liebesangelegenheit
475 3308 599 3378 beregen
624 3321 695 3361 wer·
748 3303 885 3360 betrotlcn
902 3304 947 3360 ist
965 3307 969 3374 Ι
988 3310 1021 3358 14
1038 3303 1182 3374 impulsus,
1199 3303 1252 3359 wie
1272 3309 1306 3358 98

135 3380 191 3436 den
209 3377 347 3449 konnt'en,
374 3379 475 3434 Anlass
497 3397 531 3433 zu
549 3376 667 3432 Witzen.
688 3376 693 3448 Ι
769 3417 775 3430 .
795 3375 826 3433 Ε.
842 3379 847 3447 Ι
865 3381 897 3432 16
916 3376 976 3431 ilie:
999 3375 1129 3430 dahinter
1146 3377 1242 3431 setren
1260 3375 1307 3430 dio

135 3456 152 3505 7
176 3452 226 3507 isti
247 3451 358 3516 redisti,
380 3455 413 3504 89
438 3467 489 3518 ιιι.;
513 3449 550 3504 ad
572 3447 632 3503 Au.
653 3453 695 3516 10,
748 3394 811 3508 hes.
830 3446 884 3503 mit
900 3447 1062 3502 Ausnahme
1081 3447 1130 3502 der
1148 3447 1246 3502 besten
1263 3447 1307 3500 irr-

134 3527 163 3591 1,
177 3528 193 3577 3
213 3523 278 3578 dcun
291 3527 411 3578 maiores
425 3526 488 3577 eant
503 3522 624 3588 redeant,
641 3519 696 3575 wie
749 3519 831 3574 derit
844 3523 876 3572 ut
884 3523 988 3587 peteret
1000 3535 1042 3576 zu.
1067 3517 1134 3572 Dies
1147 3533 1206 3572 war
1219 3517 1308 3578 ciner-

135 3593 292 3670 auch-cort
310 3611 345 3648 ιιι
363 3593 441 3648 lesen
458 3593 504 3649 ist.
540 3591 613 3646 Einl.
627 3609 654 3661 p.
670 3597 695 3659 6,
749 3589 816 3644 scits
834 3589 915 3644 nicht
932 3588 1034 3660 nothig
1044 3590 1076 3656 (s.
1086 3589 1114 3644 Z.
1123 3589 1178 3657 14),
1196 3587 1307 3643 andrer·

134 3669 181 3720 42.
205 3665 210 3732 l
235 3670 252 3720 8
275 3670 305 3719 at
327 3669 431 3731 comm,
458 3664 531 3718 nach
558 3664 583 3718 ai
605 3663 696 3717 miram
748 3658 817 3716 seits
842 3660 967 3714 enmteht
989 3659 1035 3714 ein
1056 3677 1105 3714 um
1129 3674 1159 3713 ιο
1181 3658 1307 3713 htrterer

137 3735 196 3790 und
210 3734 552 3791 thulichenhusdrdcken
564 3734 695 3804 gewohn·
750 3730 881 3787 Wechsel
897 3731 946 3785 des
960 3728 1082 3799 Objects,
1100 3728 1165 3784 weil
1178 3729 1307 3786 desselbe

136 3805 197 3862 lich
228 3807 316 3861 durch
342 3806 392 3862 dae
418 3805 590 3862 betreffende
615 3804 698 3860 Wcrt
749 3801 789 3856 im
822 3799 1025 3857 emunctae
1055 3801 1170 3870 ergtnzt
1195 3801 1308 3856 werden

135 3879 278 3947 gemennt,
292 3877 359 3934 aber
373 3877 534 3934 verbunden
548 3896 570 3933 ι.
580 3876 611 3930 Β.
624 3875 696 3930 auch
750 3891 826 3927 muse
844 3872 944 3942 (illurn)
964 3871 1022 3927 und
1040 3871 1080 3927 im
1093 3871 1210 3928 aweiten
1225 3869 1308 3928 elice

138 3954 200 4003 113,
220 3955 253 4004 13
272 3953 287 4016 3
307 3955 355 4016 183
377 3949 412 4004 de
431 3947 476 4004 off.
495 3954 511 4002 2
531 3953 547 4014 3
566 3953 600 4004 58
619 3947 698 4002 bourie
749 3962 803 3999 nur
816 3943 988 4014 Partioipien
1001 3943 1051 3998 des
1066 3942 1166 4013 Object
1179 3942 1284 3998 bilden.
1301 3943 1305 4014 Ι

133 4021 208 4076 virio
224 4022 250 4075 ci
265 4036 322 4076 uon
335 4019 552 4076 damnantibus
565 4024 595 4073 at
607 4024 698 4073 torrere
748 4031 836 4086 prom.
860 4019 885 4072 et
906 4031 972 4082 reu,
996 4014 1216 4071 substantivisch
1240 4014 1308 4070 ‘was

136 4092 365 4160 adprobantibus.
401 4093 434 4146 In
456 4089 593 4160 gleichem
613 4087 697 4144 Sinne
751 4104 781 4142 er
795 4085 1187 4156 ausdruckliehvereprochen
1200 4085 1307 4151 hatte';

139 4161 698 4234 ‘dochwenigstens'ot114a.m.‚tamer
752 4164 768 4213 5
787 4163 802 4224 3
821 4161 854 4212 31
871 4159 1011 4228 promitto,
1028 4159 1142 4227 recipio,
1158 4157 1283 4228 spondeo.

140 4239 243 4300 1310
262 4234 293 4288 Ε.
312 4233 371 4289 und
395 4232 449 4289 oftr
474 4232 521 4288 bei
543 4232 608 4287 dem
629 4230 697 4286 letz-
751 4231 789 4284 od
810 4245 888 4300 cepae
910 4231 1022 4295 ararat,
1050 4227 1122 4284 nint.
1146 4246 1172 4298 p.
1193 4234 1218 4294 0,
1236 4226 1279 4282 44.

136 4306 219 4360 tercn
237 4308 354 4376 ergannt
372 4305 432 4360 sich
445 4305 495 4360 der
507 4302 697 4372 Bedingungs-
750 4306 783 4356 tu
796 4331 829 4341 —
846 4301 1012 4370 cccripeieti,
1029 4300 1064 4355 dc
1081 4299 1136 4369 leg.
1153 4305 1166 4352 1
1186 4302 1201 4364 3
1215 4301 1249 4351 00
1268 4313 1309 4352 me

137 4378 201 4432 aatz
217 4376 362 4433 bisweilen
378 4394 428 4432 aus
441 4376 505 4431 dem
519 4375 697 4429 Zusammen·
750 4387 853 4443 quoque
876 4372 1005 4428 mactito
1029 4371 1129 4439 fratris
1152 4369 1308 4424 martia.

138 4447 217 4518 hang
235 4450 272 4518 (p.
292 4447 362 4505 Sest.
383 4455 416 4504 03
435 4449 492 4517 m).
511 4443 697 4514 Eli-Seyffert
785 4449 820 4498 20
834 4444 935 4499 ostend.
949 4467 983 4488 =
996 4441 1135 4512 professus
1150 4441 1231 4496 esset.
1250 4439 1307 4496 Na-
1318 4445 1352 4495 80

194 4547 261 4590 Koch
274 4558 295 4588 ιι.
311 4547 436 4601 Eberhard,
450 4546 541 4590 clceror
556 4545 651 4596 Philipp.
666 4543 749 4586 Rauen
1132 4535 1148 4584 6
