2952 4890
440 1013 498 1095 M.
528 1013 721 1095 TULLII
749 1011 1044 1096 CICERONIS

279 1171 333 1246 IN
360 1173 408 1247 M.
436 1173 696 1246 ANTONIUM
723 1172 898 1244 ORATIO
926 1173 1200 1246 PHILIPPICA

311 1329 328 1359 a
660 1295 821 1369 PRIMA.

243 1646 430 1732 Antequam
449 1647 487 1711 de
506 1669 541 1711 re
559 1645 700 1730 publica,
722 1649 832 1729 patres
852 1646 1037 1729 conscripti,
1056 1645 1162 1711 dicam
1181 1668 1229 1730 ea,
1247 1621 1364 1731 quae1

155 1736 288 1800 dicenda
310 1736 373 1801 hoo
394 1741 541 1819 tempore
569 1735 725 1818 arbitror,
753 1755 913 1818 exponam
941 1735 1033 1799 vobis
1061 1735 1205 1801 breviter
1228 1736 1330 1802 cousi·
1350 1716 1364 1762 ¹

98 1905 101 1908 ,
154 1824 236 1888 lium
260 1827 293 1888 et
314 1824 525 1909 profectionis
555 1827 588 1888 et
614 1822 810 1887 reversionis
838 1843 939 1888 meae.
984 1843 1044 1907 ego
1068 1837 1141 1888 oum
1165 1845 1331 1908 sperarem

155 1908 333 1997 aliquande
352 1913 393 1977 ad
414 1916 558 1978 restrum
582 1912 753 1977 consilium
773 1911 1064 1995 auctoritatemque
1083 1934 1152 1976 rem
1165 1913 1331 1997 pubIIcam

128 2023 226 2067 cesse
258 2005 457 2086 revocatam,
493 2000 690 2065 manendum
721 1999 801 2063 mihi
829 1999 1013 2064 statuebam
1036 2001 1129 2084 quasi
1156 2002 1191 2066 in
1218 2001 1331 2085 vigilia

156 2089 296 2174 quadam
319 2090 481 2155 consulari
505 2112 542 2154 ac
566 2088 747 2172 senatoria3
778 2108 838 2151 nec
865 2109 941 2153 vero
964 2111 1103 2172 usquam
1126 2089 1330 2154 discedebam

154 2200 215 2242 neo
243 2201 318 2243 are
340 2179 472 2262 publica
501 2177 680 2242 deiciebam
709 2176 818 2241 oculos
842 2197 943 2242 exeo
967 2176 1032 2260 die,
1065 2199 1127 2261 quo
1155 2179 1191 2243 in
1219 2179 1331 2244 aedem

155 2266 296 2332 Telluris
319 2267 489 2332 convocati
513 2287 640 2330 sumus:
663 2265 698 2328 in
720 2286 784 2348 quo
804 2264 938 2349 templo,
960 2268 1117 2348 quantum
1135 2266 1170 2330 in
1189 2288 1241 2331 me
1258 2266 1332 2351 fuit,

153 2347 216 2419 ieci
238 2355 449 2420 fundamenta
470 2354 561 2439 pacis
583 2352 899 2437 Atheniensiumque
928 2354 1081 2419 renovari
1109 2358 1202 2419 vetus
1226 2377 1331 2421 exem·

115 2468 142 2507 ιο
155 2431 264 2529 Ρίυω;’
288 2442 447 2509 Graecum
471 2442 570 2508 etiam
592 2442 727 2508 verbum
750 2442 918 2526 usurpavi,
942 2463 1004 2524 quo
1028 2445 1098 2508 tum
1120 2443 1156 2507 in
1179 2443 1330 2509 sedandis

155 2533 325 2597 discordiis
352 2555 413 2598 usa
440 2537 511 2598 erat
534 2531 649 2596 civitas
673 2530 744 2614 illa,
776 2534 874 2614 atque
902 2551 1031 2596 omnem
1054 2532 1244 2598 memoriam
1267 2532 1330 2598 dis-

155 2621 338 2686 cordiarum
365 2621 529 2686 oblivione
558 2619 756 2703 sempiterna
787 2618 958 2685 delendam
988 2621 1106 2684 censui.
1165 2621 1366 2705 praeclaras

121 2842 136 2888 1
193 2831 260 2884 lde
277 2846 307 2884 ra
323 2847 366 2899 p„
395 2831 473 2898 Lago
496 2829 545 2882 des
569 2827 714 2898 suanae!
769 2829 800 2883 in
823 2829 877 2883 Pis.
899 2835 931 2884 19
955 2846 1016 2884 erun
1039 2835 1105 2884 esset
1131 2832 1219 2886 munia
1245 2847 1332 2888 caasa

155 2905 301 2969 autequam
326 2942 355 2956 ..
381 2901 485 2966 dicore,
511 2904 554 2952 11.
588 2899 593 2965 l
621 2903 717 2966 pata
770 2900 822 2954 illo
839 2916 899 2954 mec
921 2901 1077 2955 consularis
1099 2917 1133 2954 ae
1154 2902 1329 2974 sanctorm!

156 2971 209 3039 (et)
233 2971 382 3040 macerati
408 2969 483 3037 (Liv.
502 2975 532 3035 2,
552 2971 642 3037 1,11)
670 2968 718 3023 bei
770 2985 899 3025 moero
917 3001 951 3010 -
970 2972 1070 3037 araba
1088 2971 1211 3026 iuVerr.
1230 2979 1248 3026 4
1266 2978 1330 3038 §33

156 3040 254 3094 Cicero
273 3040 364 3094 selten
382 3039 483 3094 andere
505 3039 606 3094 alaim
619 3039 687 3094 Voc.
709 3039 713 3110 Ι
766 3042 851 3110 paeri
873 3042 964 3096 oratos
986 3042 1020 3096 de
1041 3043 1094 3095 istc
1118 3059 1261 3111 amquam
1286 3045 1331 3099 de-

156 3118 173 3165 3
192 3111 363 3178 reuersrbais,
382 3110 462 3166 nieht
475 3109 596 3178 reditus,
615 3110 652 3164 da
666 3110 717 3165 das
770 3114 840 3166 icere
857 3127 942 3181 aeque
954 3113 989 3166 ab
1008 3117 1120 3182 arquato
1138 3113 1257 3183 dtyitmu
1275 3115 1331 3170 dis-

156 3180 216 3237 Ziel
233 3181 313 3236 nieht
333 3181 454 3237 erreicht
471 3181 573 3236 warde.
595 3183 640 3249 41
670 3197 717 3250 ayo
771 3183 875 3248 cadara
895 3182 1162 3239 maciomanum
1180 3201 1331 3240 amenas-

156 3269 218 3307 oam
236 3274 283 3306 -ε
309 3253 359 3307 der
376 3252 509 3307 Lateiner
526 3251 599 3307 llebt
618 3268 646 3306 es
669 3270 718 3306 zur
771 3270 854 3323 quom
871 3254 1021 3322 discedam
1045 3253 1112 3309 Hor.
1131 3271 1194 3325 epp.
1215 3262 1240 3324 1,
1255 3262 1283 3326 7,
1296 3261 1330 3310 25

157 3323 397 3392 Satarerbindung
415 3322 586 3377 Pronomina
608 3323 639 3376 in
662 3322 717 3377 den
770 3325 869 3393 quodsi
886 3341 927 3379 me
944 3327 1019 3379 uoles
1036 3341 1153 3395 aequam
1166 3327 1307 3382 discedere.

156 3392 271 3463 Anfang
289 3394 339 3448 der
353 3393 472 3448 Periode
486 3394 559 3448 ohne
572 3392 718 3462 logisohen
772 3401 787 3450 '1
807 3396 899 3450 mdem
919 3395 1052 3462 Pellaeis,
1079 3395 1152 3451 Einl.
1177 3414 1204 3467 p.
1221 3403 1246 3463 7,
1261 3404 1304 3454 37.

156 3463 327 3518 Nachdruek
340 3482 375 3518 au
390 3464 500 3546 stellen,
511 3464 562 3518 das
571 3463 717 3518 Personal·
772 3472 787 3521 9
801 3467 854 3520 ieci
866 3467 1057 3549 ficedulam
1067 3467 1221 3550 derPIural
1234 3468 1264 3522 in
1273 3468 1332 3523 die-

155 3534 513 3668 litterararilt
527 3533 717 3675 aburat
770 3553 827 3661 lli
834 3536 1032 3676 144444
1041 3538 1333 3665 malimali?

157 3674 311 3730 Gedanken
333 3676 452 3731 enthtlt.
481 3681 515 3730 27
534 3693 571 3730 m.
608 3676 674 3745 Vgl.
700 3680 716 3729 2
771 3677 833 3734 Vel
857 3677 930 3732 Max.
955 3685 1019 3745 4,1
1044 3681 1099 3734 ext.
1119 3684 1137 3732 4
1159 3678 1332 3749 (Thrasybu-

156 3749 328 3816 5311904.
344 3749 395 3816 ta).
412 3749 417 3816 Ι
432 3753 449 3802 4
464 3748 717 3816 auctoritatemque:
771 3750 825 3818 lae)
845 3749 937 3816 plebei
967 3749 1065 3802 scitum
1092 3749 1270 3817 immeruit,
1297 3767 1332 3806 aa

156 3817 341 3873 SAatoaiam
355 3819 718 3873 adauctoritotemseuataa
771 3836 827 3890 qao
857 3821 1071 3888 procuratarum
1086 3843 1090 3850 ·
1104 3835 1196 3875 ruma
1231 3823 1331 3877 madio

156 3903 211 3942 aare
232 3889 400 3943 rediturae:
429 3889 532 3943 ebeuso
555 3888 718 3943 verbunden
770 3891 853 3958 fieret.
907 3891 972 3945 tarr
995 3891 1108 3958 obliuio,
1139 3907 1222 3960 quam
1248 3893 1331 3948 Arse-

157 3959 302 4014 renalium
325 3961 527 4028 auctoritasque
550 3963 663 4024 2537.
680 3961 716 4027 Ιὸ
770 3962 877 4016 aienses
907 3955 1065 4030 ἀμνηστίαν
1097 3961 1138 4030 (in
1164 3962 1332 4018 klussisohcr

155 4028 715 4114 reuocatam,duroh0aesarsIlrmordung.
771 4031 834 4115 Zeit
856 4026 954 4102 ἄδεια)
977 4038 1088 4116 coenat,
1111 4034 1331 4118 414111111οὲυρ-

156 4099 717 4241 'urraafl
770 4107 838 4228 44
860 4109 1224 4245 cru
1244 4106 1332 4230 44

155 4241 302 4296 mrttelbar
320 4259 495 4308 zusammeu3
515 4241 588 4296 doch
605 4242 718 4296 werden
771 4244 831 4313 ryb.
852 4250 877 4311 3,
892 4251 916 4300 2.
938 4247 943 4313 Ι
965 4250 1036 4311 tum,
1054 4246 1127 4301 nach
1146 4245 1196 4300 der
1209 4245 1331 4300 Vertrei-

156 4312 197 4367 sie
229 4313 301 4367 auch
337 4313 417 4368 ulcht
452 4313 541 4368 selten
577 4315 716 4381 getrennt.
771 4315 1257 4386 treibungdcrdreIssigTyrannen.
1275 4318 1330 4384 111

157 4384 260 4453 Zumpt
278 4388 293 4448 ξ
313 4388 394 4451 ’(07.1
416 4391 431 4438 6
450 4384 552 4439 corraal.
572 4399 606 4438 ac
622 4388 718 4449 seam,
772 4385 1271 4456 atqaereihreinerklarendeselied
1285 4403 1330 4442 an.
